<?xml version="1.0" encoding="UTF-8"?><collection xmlns="http://www.loc.gov/MARC21/slim"><record><leader>00730nam--2200205-i-4500</leader><controlfield tag="001">000035681</controlfield><controlfield tag="002">20161230</controlfield><controlfield tag="005">20161230201040</controlfield><controlfield tag="008">060222s1000------------r-----000-0-eng-d</controlfield><datafield ind1=" " ind2=" " tag="020"><subfield code="a">3540128433</subfield></datafield><datafield ind1=" " ind2=" " tag="040"><subfield code="a">IFIN-HH</subfield></datafield><datafield ind1=" " ind2=" " tag="080"><subfield code="a">53:548:547(061.3)</subfield></datafield><datafield ind1="1" ind2=" " tag="100"><subfield code="a">Reineker, P</subfield></datafield><datafield ind1="1" ind2="0" tag="245"><subfield code="a">Organic molecular aggregates</subfield><subfield code="b">Electronic excitation and interaction processes, proceedings of the international symposium on organic materials at schloss elmau, bavaria, june 5-10, 1983</subfield><subfield code="c">P. reineker, h. haken, h.c. wolf (eds.)</subfield></datafield><datafield ind1=" " ind2=" " tag="260"><subfield code="a">Berlin</subfield><subfield code="b">Springer-verlag</subfield><subfield code="c">1983</subfield></datafield><datafield ind1=" " ind2=" " tag="300"><subfield code="a">IX + 285P</subfield></datafield><datafield ind1=" " ind2=" " tag="490"><subfield code="a">Springer Series In Solid-state Sciences</subfield></datafield><datafield ind1="1" ind2=" " tag="700"><subfield code="a">Wolf, H.C</subfield><subfield code="e">Ed</subfield></datafield><datafield ind1=" " ind2=" " tag="852"><subfield code="a">46526</subfield><subfield code="c">539.2</subfield></datafield><datafield ind1=" " ind2=" " tag="CAT"><subfield code="a">Sys</subfield><subfield code="c">20121029</subfield><subfield code="h">170314</subfield></datafield></record></collection>